<collection xmlns="http://www.loc.gov/MARC21/slim">
<record>
  <leader>01102nam0a22002291i 450 </leader>
  <controlfield tag="001">IT\ICCU\CNCE\049961</controlfield>
  <controlfield tag="005">20120320000000.0</controlfield>
  <datafield tag="012" ind1=" " ind2=" ">
    <subfield code="a">I.T. e.d- a.n- trqu (3) 1594 (R)</subfield>
    <subfield code="2">fei</subfield>
  </datafield>
  <datafield tag="100" ind1=" " ind2=" ">
    <subfield code="a">19991206d1594        0itac0103    ba</subfield>
  </datafield>
  <datafield tag="101" ind1=" " ind2=" ">
    <subfield code="a">ITA</subfield>
  </datafield>
  <datafield tag="102" ind1=" " ind2=" ">
    <subfield code="a">IT</subfield>
  </datafield>
  <datafield tag="200" ind1="1" ind2=" ">
    <subfield code="a">Sommario, o brieue raccolta della santa vita, religiosi costumi, &amp; stupendissimi miracoli del glorioso padre San Giacinto da Camien di Cracouia nobile polacco, dell&apos;Ord. de&apos; frati predicatori di s. Domenico ... Composta dal r.p.f. Agostino Montalcino ...</subfield>
  </datafield>
  <datafield tag="210" ind1=" " ind2=" ">
    <subfield code="a">In Bergamo</subfield>
    <subfield code="c">per Comin Ventura</subfield>
    <subfield code="d">1594</subfield>
  </datafield>
  <datafield tag="215" ind1=" " ind2=" ">
    <subfield code="a">36 c.</subfield>
    <subfield code="d">8ʻ</subfield>
  </datafield>
  <datafield tag="620" ind1=" " ind2=" ">
    <subfield code="a">IT</subfield>
    <subfield code="d">Bergamo</subfield>
  </datafield>
  <datafield tag="700" ind1=" " ind2="0">
    <subfield code="a">Agostino</subfield>
    <subfield code="c"> : da#Montalcino</subfield>
    <subfield code="3">IT\ICCU\CNCA\000490</subfield>
  </datafield>
  <datafield tag="712" ind1="0" ind2="0">
    <subfield code="a">Ventura, Comino</subfield>
    <subfield code="3">IT\ICCU\CNCT\000028</subfield>
    <subfield code="4">650</subfield>
  </datafield>
  <datafield tag="790" ind1=" " ind2="0">
    <subfield code="a">Augustinus</subfield>
    <subfield code="c"> : de#Monte#Ilcino</subfield>
    <subfield code="3">IT\ICCU\CNCA\005055</subfield>
    <subfield code="z">Agostino : da#Montalcino</subfield>
  </datafield>
  <datafield tag="790" ind1=" " ind2="1">
    <subfield code="a">Montalcino,</subfield>
    <subfield code="b">Agostino</subfield>
    <subfield code="3">IT\ICCU\CNCA\013520</subfield>
    <subfield code="z">Agostino : da#Montalcino</subfield>
  </datafield>
  <datafield tag="790" ind1=" " ind2="1">
    <subfield code="a">Moreschini,</subfield>
    <subfield code="b">Agostino</subfield>
    <subfield code="3">IT\ICCU\CNCA\016339</subfield>
    <subfield code="z">Agostino : da#Montalcino</subfield>
  </datafield>
  <datafield tag="801" ind1=" " ind2="3">
    <subfield code="a">IT</subfield>
    <subfield code="b">ICCU</subfield>
    <subfield code="c">20201115</subfield>
  </datafield>
  <datafield tag="899" ind1=" " ind2=" ">
    <subfield code="a">Biblioteca nazionale Braidense. Milano</subfield>
    <subfield code="1">MI0185</subfield>
    <subfield code="2">MIL NB</subfield>
  </datafield>
</record>
</collection>
